@inproceedings{derczynski2015brown,
  year={2015},
  author={Derczynski, Leon and Chester, Sean and B{\o}gh, Kenneth S.},
  title={Extrinsic Impact of Tuning {Brown} Clustering},
  booktitle={To appear}
}
@inproceedings{cherry2015unreasonable,
year={2015},
title={The Unreasonable Effectiveness of Word Representations for {Twitter} Named Entity Recognition},
author={Colin Cherry and Hongyu Guo},
booktitle={Proc. NAACL}
}
@inproceedings{koo,
  title={Simple Semi-supervised Dependency Parsing},
  author={Koo, Terry and Carreras, Xavier and Collins, Michael},
  booktitle={Proc. ACL},
  pages={595},
  year={2008}
}
@inproceedings{kergl,
  title={On the endogenesis of {Twitter's Spritzer and Gardenhose} sample streams},
  author={Kergl, Dennis and Roedler, Robert and Seeber, Sebastian},
  booktitle={Proc. ASONAM},
  pages={357--364},
  year={2014},
  organization={IEEE}
}
@incollection{augenstein2014relation,
  title={Relation extraction from the web using distant supervision},
  author={Augenstein, Isabelle and Maynard, Diana and Ciravegna, Fabio},
  booktitle={Knowledge Engineering and Knowledge Management},
  pages={26--41},
  year={2014},
  publisher={Springer}
}
@article{johannsen2014more,
  title={More or less supervised supersense tagging of Twitter},
  author={Johannsen, Anders and Hovy, Dirk and Alonso, H{\'e}ctor Mart{\i}nez and Plank, Barbara and S{\o}gaard, Anders},
  journal={Proc. *SEM},
  pages={1--11},
  year={2014}
}
@article{wikidata2014,
    author  = {Denny Vrande\v{c}i\'{c} and Markus Kr\"{o}tzsch},
    title   = {{Wikidata: A Free Collaborative Knowledge Base}},
    journal = {Communications of the ACM},
    year    = {2014}
}